<?xml version="1.0" encoding="UTF-8"?><collection xmlns="http://www.loc.gov/MARC21/slim"><record><leader>00376nam--2200157-i-4500</leader><controlfield tag="001">000010344</controlfield><controlfield tag="002">20161230</controlfield><controlfield tag="005">20170118234107</controlfield><controlfield tag="008">060222s1000------------r-----000-0-eng-d</controlfield><datafield ind1=" " ind2=" " tag="080"><subfield code="a">547</subfield></datafield><datafield ind1=" " ind2=" " tag="245"><subfield code="a">Basic organic chemistry</subfield></datafield><datafield ind1=" " ind2=" " tag="260"><subfield code="a">London</subfield><subfield code="b">John Wiley And Sons</subfield><subfield code="c">1972</subfield></datafield><datafield ind1=" " ind2=" " tag="300"><subfield code="a">XII + 528 p</subfield></datafield><datafield ind1=" " ind2=" " tag="700"><subfield code="a">Tedder, J. M</subfield></datafield><datafield ind1=" " ind2=" " tag="852"><subfield code="a">37555</subfield></datafield><datafield ind1=" " ind2=" " tag="CAT"><subfield code="a">SYS</subfield><subfield code="c">20170118</subfield><subfield code="h">234107</subfield></datafield></record></collection>